@book{anarticle ,
author = {Lijing Zhou and Licheng Wang and Yiru Sun},
title = {Blockchain-Based Medical Insurance Storage System},
journal = {Springer J Med Syst},
volume = {},
year = {2018},
number = {},
pages = {}
}


@book{abook ,
author = {Craig Wright and Antoaneta Serguivea},
title = {Sustainable Blockchain-Enabled Services: Smart Contracts},
publisher = {IEEE International Conference on Big Data},
year = {2017},
pages = {378-384}
}



@book{bookseries ,
author = { Gabriela Ciocarlie and Karim Eldefrawy and Tancrede Lepoint},
title = {BlockCIS â€“ A Blockchain-based Cyber Insurance System},

publisher = {IEEE International Conference on Cloud Computing},

year = {2018}
}




@book{thesis ,
author = {Mayank Raikwar and Subhra Mazumdar and Sushmita Ruj and Sourav Sen Gupta and Anupam Chattopadhyay and Kwok-Yan Lam},
title = {A Blockchain Framework for Insurance Processes},
publisher = {9th IFIP International Conference on New Technologies, Mobility and Security, IEEE},

year = {2018}
}


@book{report ,
author = {Chuka Oham and Raja Jurdak and Salil S Kanhere and Ali Dorri and Sanjay Jha},
title = {B-FICA Blockchain based Framework for Auto-insurance Claim and Adjudication},

publisher = {IEEE International Conference on Cloud Computing, IEEE},

year = {2018}
}

