@book{bach1986design,
  title={The design of the UNIX operating system},
  author={Bach, Maurice J},
  year={1986},
  publisher={Prentice-Hall, Inc.}
}

@book{kernighan1983unix,
  title={The Unix programming environment},
  author={Kernighan, Brian W and Pike, Rob},
  year={1983},
  publisher={Prentice Hall Professional Technical Reference}
}

@article{kanikar,
  title={Pixel Based Digital Image Forgery Detection Techniques},
  author={Pradyumna Deshpande, and Prashasti Kanikar},
  journal={International Journal of Engineering Research and Applications},
  volume={2},
  pages={539--543},
  year={2012},
  publisher={IJERA}
}


@article{qure,
  title={A Bibliography of Pixel-Based Blind Image Forgery Detection Techniques},
  author={M. A. Qureshi, and M. Deriche},
  journal={Signal Processing: Image Communication},
  volume={39},
  part={A},
  pages={46--74},
  year={2015},
  publisher={ELSEVIER}
}
@article{charpe,
  title={Image  Forgery  Detection},
  author={Hany  Farid},
  journal={IEEE  SIGNAL  PROCESSING MAGAZINE},
  volume={3},
  pages={16--25},
  year={2009},
  publisher={IEEE}
}
@article{anto,
  title={Performance analysis of forgery detection of JPEG image compression},
  author={M. Anto Bennet, and R. Kaushik Krishna, G. Sankar Babu, and B. S. Jayavignesh},
  journal={International Conference on Green Engineering and Technologies},
  volume={6},
  pages={35--47},
  year={2015},
  publisher={IEEE}
}
@article{tulsi,
  title={Wavelet-based Image Splicing Forgery Detection},
  author={{Tulsi Thakur} and {Kavita Singh} and {Arun Yadav} and {M. M. Raghuwanshi}},
  journal={IJFRCSCE},
  volume={4},
  pages={680--684},
  year={2018},
  publisher={IJFRCSCE}
}
@article{amina,
  title={Image fusion-based contrast enhancement},
  author={ {Amina Saleem} and {Azeddine Beghdadi} and  {Boualem Boashash}},
  journal={EURASIP Journal on Image and Video Processing},
  pages={01--17},
  year={2012},
  publisher={EURASIP}
}
@article{kashyap,
  title={Detection of splicing forgery using wavelet decomposition},
  author={A. {Kashyap} and B. {Suresh} and M. {Agrawal} and H. {Gupta} and S. D. {Joshi}},
  journal={International Conference on Computing, Communication Automation},
  pages={843-848},
  year={2015},
  publisher={IEEE}
}
@article{suman,
  title={Clustering Based Feature Extraction for Image Forgery Detection},
  author={ {Devi} and  {Pooja} and  {Deswal} and  {Suman} },
  journal={International Journal of Computer Sciences and Engineering},
  volume={6},
  pages={22--27},
  year={2018},
  publisher={IEEE}
}
@article{somnath,
  title={Copy move image forgery detection using mutual information},
  author={S. Chakraborty},
  journal={International Conference on Computing, Communications and Networking Technologies },
  pages={1--4},
  year={2013},
  publisher={IEEE}
}
@article{malvi,
  title={Pixel basedImage Forensic Technique for copy-move forgery detectionusing Auto Color Correlogram},
  author={{Ashwini} V. {Malviyaa}, and {Siddharth} A {Ladhake}},
  journal={7th International Conference on Communication, Computing and Virtualization },
  pages={383--390},
  year={2016},
  publisher={ELSEVIER}
}
@article{ali,
  title={Paint-doctored JPEG image forensics based on blocking artifacts},
  author={A. {Ebrahimi} and S. {Ibrahim} and E. {Ghazizadeh} and M. {Alizadeh}},
  journal={International Conference and Workshop on Computing and Communication},
  pages={1--4},
  year={2015},
  publisher={IEEE}
}
@article{vinod,
  title={A JPEG blocking artifact detector for image forensics},
  author={Dinesh Bhardwaj, and Vinod Pankajakshan},
  journal={IEEE Trans Software },
  volume={68},
  pages={155-161},
  year={2018},
  publisher={ELSEVIER}
}
@article{yu,
  title={Image manipulation detection},
  author={S. {Bayram} and I. {Avcibas} and B. {Sankur} and N. {Memon}},
  journal={J. Electron. Imaging},
  volume={15},
  number={4},
  pages={41-102},
  year={2006},
  publisher={IEEE}
}
@article{bhartia,
  title={Image forgery detection using feature based clustering in JPEG images},
  author={G. {Bhartiya} and A. S. {Jalal}},
  journal={9th International Conference on Industrial and Information Systems },
  volume={},
  pages={1--5},
  year={2014},
  publisher={IEEE}
}
@article{jose,
  title={QoS-aware web services composition using GRASP with Path Relinking, International Journal of Expert Systems with Applications},
  author={José Antonio Parejo, Sergio Segura, Pablo Fernandez, Antonio Ruiz-Cortés},
  journal={Elseiver},
  volume={41},
  pages={4211-4223},
  year={2016},
  publisher={Elseiver}
}
@article{raj,
  title={Appraisal and analysis on various web service composition approaches based on QoS factors},
  author={M.Rajeswari, G.Sambasivam, N.Balaji, M.S.Saleem Basha, T.Vengattaraman, P.Dhavachelvan},
  journal={Journal of King Saud University - Computer and Information Sciences},
  volume={26},
  pages={143-152},
  year={2016},
}
@article{mnih,
  title={Probabilistic Matix Factorisation},
  author={R. Salakhutdinov and A. Mnih},
  journal={Adv Neural Inf Processes Syst},
  volume={20},
  pages={1257-1264},
  year={2015},
}

@inproceedings{hauck1998configuration,
  title={Configuration prefetch for single context reconfigurable coprocessors},
  author={Hauck, Scott},
  booktitle={Proceedings of the 1998 ACM/SIGDA sixth international symposium on Field programmable gate arrays},
  pages={65--74},
  year={1998},
  organization={ACM}
}

@inproceedings{stahlberg2007threats,
  title={Threats to privacy in the forensic analysis of database systems},
  author={Stahlberg, Patrick and Miklau, Gerome and Levine, Brian Neil},
  booktitle={Proceedings of the 2007 ACM SIGMOD international conference on Management of data},
  pages={91--102},
  year={2007},
  organization={ACM}
}

@misc{torvalds2002linux,
  title={Linux},
  author={Torvalds, Linus and others},
  howpublished={URL: http://www. linux. org},
  year={2002}
}

@misc{buchholz2006structure,
  title={The structure of the {R}eiser file system},
  author={Buchholz, Florian},
	howpublished = {{http://homes.cerias.purdue.edu/florian/reiser/reiserfs.php}},
  year={2006}
}

@phdthesis{gud2007chunkfs,
  title={CHUNKFS: A Recovery-driven File System Design Approach},
  author={Gud, Amit},
  year={2007},
  school={Kansas State University}
}

