@book{levy,
  title={Hackers: Heroes of the Computer Revolution},
  author={Levy, Steven},
  year={1984},
  publisher={Doubleday}
}

@misc{webfoundation,
  title={History of the Web – World Wide Web Foundation},
  author={Web Foundation},
	howpublished = {{https://webfoundation.org/about/vision/history-of-the-web/}},
  year={2018}
}

@book{akerlof,
  title={Phishing for Phools: The Economics of Manipulation and Deception},
  author={Akerlof, George and Shiller, Robert J},
  year={2015},
  publisher={Princeton University Press}
}

@article{jain,
  title={{A} novel approach to protect against phishing attacks at client side using auto-updated white-list},
  author={Jain A K and Gupta B B},
  journal={EURASIP J. Inf. Secur.},
  volume={2016},
  number={1},
  year={2016},
  publisher={EURASIP}
}

@misc{google,
  title={Implementation for the Usage of Google Safe Browsing {API}s (v4)},
  author={Google},
	howpublished = {{https://github.com/google/safebrowsing}},
  year={2019}
}

@article{xiang,
  title={{CANTINA}: A feature-rich machine learning framework for detecting phishing Web sites},
  author={Xiang G and Hong J and Rosé C P and Cranor L},
  journal={ACM Trans. Inf. Syst. Secur.},
  volume={14},
  number={2},
  year={2011},
  publisher={ACM}
}

@misc{pt,
  title={PhishTank | Join the fight against phishing},
  author={OpenDNS},
	howpublished = {{https://www.phishtank.com/}},
  year={2020}
}

@article{whittaker,
  title={{L}arge-scale automatic classification of phishing pages},
  author={Whittaker C and Ryner B and Nazif M},
  journal={Proc. Netw. Distrib. Syst. Security Symp.},
  pages={1--14},
  volume={1},
  year={2010}
  }
  
  @book{bach1986design,
  title={The design of the UNIX operating system},
  author={Bach, Maurice J},
  year={1986},
  publisher={Prentice-Hall, Inc.}
}

@book{kernighan1983unix,
  title={The Unix programming environment},
  author={Kernighan, Brian W and Pike, Rob},
  year={1983},
  publisher={Prentice Hall Professional Technical Reference}
}

@article{zabihimayvan,
  title={{F}uzzy {R}ough {S}et {F}eature {S}election to {E}nhance {P}hishing {A}ttack {D}etection},
  author={Zabihimayvan,Mahdieh and Doran,Derek },
  journal={IEEE International Conference on Fuzzy Systems (FUZZ-IEEE)},
  year={2019},
  volume={1},
  publisher={IEEE}
}

@article{marchal,
  title={{O}ff-the-hook: {A}n efficient and usable client-side phishing prevention application},
  author={Marchal S and Armano G and Gröndahl T and Saari K and Singh N and Asokan N},
  journal={IEEE Trans. Comput.},
  volume={66},
  number={10},
  pages={1717--1733},
  year={2017},
  publisher={IEEE}
}

@article{tfjs,
  title={TensorFlow.js: Machine Learning for the Web and Beyond},
  author={Smilkov, Daniel and Thorat, Nikhil and Assogba, Yannick and Yuan, Ann and  Kreeger, Nick and Yu, Ping and Zhang, Kangyi and Cai, Shanqing and Nielsen, Eric and Soergel, David and Bileschi, Stan and Terry, Michael and Nicholson, Charles and Gupta, Sandeep N and Sirajuddin, Sarah and Sculley D, Monga, Rajat and Corrado, Greg and Viégas, Fernanda B and Wattenberg, Martin},
  year={2019},
  eprint={1901.05350},
  archivePrefix={arXiv},
  primaryClass={cs.LG}
}

@misc{ccampbell,
  title={Chrome extension for server side console logging},
  author={ccampbell},
	howpublished = {{https://github.com/ccampbell/chromelogger}},
  year={2019}
}


@article{ritchie1974unix,
  title={The {UNIX} time-sharing system},
  author={Ritchie, Dennis M and Thompson, Ken},
  journal={Communications of the ACM},
  volume={17},
  number={7},
  pages={365--375},
  year={1974},
  publisher={ACM}
}

@article{ho2001future,
  title={The future of wires},
  author={Ho, Ron and Mai, Kenneth W and Horowitz, Mark A},
  journal={Proceedings of the IEEE},
  volume={89},
  number={4},
  pages={490--504},
  year={2001},
  publisher={IEEE}
}

@inproceedings{hauck1998configuration,
  title={Configuration prefetch for single context reconfigurable coprocessors},
  author={Hauck, Scott},
  booktitle={Proceedings of the 1998 ACM/SIGDA sixth international symposium on Field programmable gate arrays},
  pages={65--74},
  year={1998},
  organization={ACM}
}

@inproceedings{stahlberg2007threats,
  title={Threats to privacy in the forensic analysis of database systems},
  author={Stahlberg, Patrick and Miklau, Gerome and Levine, Brian Neil},
  booktitle={Proceedings of the 2007 ACM SIGMOD international conference on Management of data},
  pages={91--102},
  year={2007},
  organization={ACM}
}

@misc{torvalds2002linux,
  title={Linux},
  author={Torvalds, Linus and others},
  howpublished={URL: http://www. linux. org},
  year={2002}
}

@misc{buchholz2006structure,
  title={The structure of the {R}eiser file system},
  author={Buchholz, Florian},
	howpublished = {{http://homes.cerias.purdue.edu/florian/reiser/reiserfs.php}},
  year={2006}
}

@phdthesis{gud2007chunkfs,
  title={CHUNKFS: A Recovery-driven File System Design Approach},
  author={Gud, Amit},
  year={2007},
  school={Kansas State University}
}

